<?xml version="1.0" encoding="UTF-8"?><collection xmlns="http://www.loc.gov/MARC21/slim"><record><leader>00645nam--2200193-i-4500</leader><controlfield tag="001">000015050</controlfield><controlfield tag="002">20161230</controlfield><controlfield tag="005">20161230201031</controlfield><controlfield tag="008">060222s1000------------r-----000-0-eng-d</controlfield><datafield ind1=" " ind2=" " tag="040"><subfield code="a">IFIN-HH</subfield></datafield><datafield ind1=" " ind2=" " tag="080"><subfield code="a">533.9(061.3)</subfield></datafield><datafield ind1="1" ind2=" " tag="100"><subfield code="a">Chang,C.C./S.A.</subfield></datafield><datafield ind1="1" ind2="0" tag="245"><subfield code="a">Proceedings of the plasma space science symposium, held at the catholic university of america washington,d.c., june 11-14, 1963</subfield><subfield code="c">C.c. chang, s.s. huang</subfield></datafield><datafield ind1=" " ind2=" " tag="260"><subfield code="a">New York, D.Reidel Publishing Company, 1965</subfield></datafield><datafield ind1=" " ind2=" " tag="300"><subfield code="a">IX + 377 P</subfield></datafield><datafield ind1=" " ind2=" " tag="490"><subfield code="a">Astrophysics and Space Science Library</subfield><subfield code="v">Vol.3</subfield></datafield><datafield ind1="1" ind2=" " tag="700"><subfield code="a">Huang, S.S</subfield></datafield><datafield ind1=" " ind2=" " tag="852"><subfield code="a">76273</subfield><subfield code="c">533.9</subfield></datafield><datafield ind1=" " ind2=" " tag="CAT"><subfield code="a">Sys</subfield><subfield code="c">20101002</subfield><subfield code="h">120930</subfield></datafield></record></collection>